<record><leader>00000cas a22000007a 4500</leader><controlfield tag="001">12590199</controlfield><controlfield tag="008">850923d18491853wiuwr ne      0    0eng d</controlfield><datafield ind1=" " ind2=" " tag="010"><subfield code="a">sn 85041296 </subfield></datafield><datafield ind1=" " ind2=" " tag="040"><subfield code="a">NPV</subfield><subfield code="b">eng</subfield><subfield code="c">NPV</subfield><subfield code="d">OCLCQ</subfield></datafield><datafield ind1=" " ind2=" " tag="042"><subfield code="a">msc</subfield></datafield><datafield ind1="0" ind2="0" tag="245"><subfield code="a">Washington County blade.</subfield></datafield><datafield ind1="1" ind2="3" tag="246"><subfield code="a">Blade</subfield></datafield><datafield ind1=" " ind2=" " tag="260"><subfield code="a">Port Washington, Wis. :</subfield><subfield code="b">R.A. Bird &amp; J.W. Vail</subfield></datafield><datafield ind1=" " ind2=" " tag="300"><subfield code="a">v.</subfield></datafield><datafield ind1=" " ind2=" " tag="310"><subfield code="a">Weekly</subfield></datafield><datafield ind1="1" ind2=" " tag="362"><subfield code="a">Began in 1849; ceased in 1853?</subfield><subfield code="z">Cf. Oehlerts, d. E. Guide to Wis. newspapers.</subfield></datafield><datafield ind1=" " ind2=" " tag="500"><subfield code="a">Publisher varies.</subfield></datafield><datafield ind1=" " ind2=" " tag="588"><subfield code="a">Description based on: Vol. 2, no. 38 (Feb. 20, 1851) = whole no. 90.</subfield></datafield><datafield ind1=" " ind2=" " tag="752"><subfield code="a">United States</subfield><subfield code="b">Wisconsin</subfield><subfield code="c">Ozaukee</subfield><subfield code="d">Port Washington.</subfield></datafield><datafield ind1=" " ind2=" " tag="752"><subfield code="a">United States</subfield><subfield code="b">Wisconsin</subfield><subfield code="c">Washington</subfield><subfield code="d">Port Washington.</subfield></datafield></record>